@article{hong2015online,
  title={Online tracking by learning discriminative saliency map with convolutional neural network},
  author={Hong, Seunghoon and You, Tackgeun and Kwak, Suha and Han, Bohyung},
  journal={arXiv preprint arXiv:1502.06796},
  year={2015}
}

@inproceedings{jia2014caffe,
  title={Caffe: Convolutional architecture for fast feature embedding},
  author={Jia, Yangqing and Shelhamer, Evan and Donahue, Jeff and Karayev, Sergey and Long, Jonathan and Girshick, Ross and Guadarrama, Sergio and Darrell, Trevor},
  booktitle={Proceedings of the ACM International Conference on Multimedia},
  pages={675--678},
  year={2014},
  organization={ACM}
}

@article{fan2010human,
  title={Human tracking using convolutional neural networks},
  author={Fan, Jialue and Xu, Wei and Wu, Ying and Gong, Yihong},
  journal={Neural Networks, IEEE Transactions on},
  volume={21},
  number={10},
  pages={1610--1623},
  year={2010},
  publisher={IEEE}
}

@incollection{NIPS2013_5192,
title = {Learning a Deep Compact Image Representation for Visual Tracking},
author = {Wang, Naiyan and Yeung, Dit-Yan},
booktitle = {Advances in Neural Information Processing Systems 26},
editor = {C. J. C. Burges and L. Bottou and M. Welling and Z. Ghahramani and K. Q. Weinberger},
pages = {809--817},
year = {2013},
publisher = {Curran Associates, Inc.},
url = {http://papers.nips.cc/paper/5192-learning-a-deep-compact-image-representation-for-visual-tracking.pdf}
}

@ARTICLE{7362006, 
author={Li, H. and Li, Y. and Porikli, F.}, 
journal={Image Processing, IEEE Transactions on}, 
title={DeepTrack: Learning Discriminative Feature Representations Online for Robust Visual Tracking}, 
year={2015}, 
volume={PP}, 
number={99}, 
pages={1-1}, 
keywords={Feature extraction;Neural networks;Robustness;Target tracking;Training;Visualization}, 
doi={10.1109/TIP.2015.2510583}, 
ISSN={1057-7149}, 
month={},}
