@article{hong2015online,
  title={Online tracking by learning discriminative saliency map with convolutional neural network},
  author={Hong, Seunghoon and You, Tackgeun and Kwak, Suha and Han, Bohyung},
  journal={arXiv preprint arXiv:1502.06796},
  year={2015}
}

@inproceedings{jia2014caffe,
  title={Caffe: Convolutional architecture for fast feature embedding},
  author={Jia, Yangqing and Shelhamer, Evan and Donahue, Jeff and Karayev, Sergey and Long, Jonathan and Girshick, Ross and Guadarrama, Sergio and Darrell, Trevor},
  booktitle={Proceedings of the ACM International Conference on Multimedia},
  pages={675--678},
  year={2014},
  organization={ACM}
}

@article{fan2010human,
  title={Human tracking using convolutional neural networks},
  author={Fan, Jialue and Xu, Wei and Wu, Ying and Gong, Yihong},
  journal={Neural Networks, IEEE Transactions on},
  volume={21},
  number={10},
  pages={1610--1623},
  year={2010},
  publisher={IEEE}
}

@incollection{NIPS2013_5192,
title = {Learning a Deep Compact Image Representation for Visual Tracking},
author = {Wang, Naiyan and Yeung, Dit-Yan},
booktitle = {Advances in Neural Information Processing Systems 26},
editor = {C. J. C. Burges and L. Bottou and M. Welling and Z. Ghahramani and K. Q. Weinberger},
pages = {809--817},
year = {2013},
publisher = {Curran Associates, Inc.},
url = {http://papers.nips.cc/paper/5192-learning-a-deep-compact-image-representation-for-visual-tracking.pdf}
}

@ARTICLE{7362006, 
author={Li, H. and Li, Y. and Porikli, F.}, 
journal={Image Processing, IEEE Transactions on}, 
title={DeepTrack: Learning Discriminative Feature Representations Online for Robust Visual Tracking}, 
year={2015}, 
volume={PP}, 
number={99}, 
pages={1-1}, 
keywords={Feature extraction;Neural networks;Robustness;Target tracking;Training;Visualization}, 
doi={10.1109/TIP.2015.2510583}, 
ISSN={1057-7149}, 
month={}
}

@article{girshick2016region,
  title={Region-based convolutional networks for accurate object detection and segmentation},
  author={Girshick, Ross and Donahue, Jeff and Darrell, Trevor and Malik, Jitendra},
  journal={Pattern Analysis and Machine Intelligence, IEEE Transactions on},
  volume={38},
  number={1},
  pages={142--158},
  year={2016},
  publisher={IEEE}
}

@inproceedings{vedaldi2015matconvnet,
  title={MatConvNet: Convolutional neural networks for matlab},
  author={Vedaldi, Andrea and Lenc, Karel},
  booktitle={Proceedings of the 23rd Annual ACM Conference on Multimedia Conference},
  pages={689--692},
  year={2015},
  organization={ACM}
}

@article{chatfield2014return,
  title={Return of the devil in the details: Delving deep into convolutional nets},
  author={Chatfield, Ken and Simonyan, Karen and Vedaldi, Andrea and Zisserman, Andrew},
  journal={arXiv preprint arXiv:1405.3531},
  year={2014}
}

@article{simonyan2013deep,
  title={Deep inside convolutional networks: Visualising image classification models and saliency maps},
  author={Simonyan, Karen and Vedaldi, Andrea and Zisserman, Andrew},
  journal={arXiv preprint arXiv:1312.6034},
  year={2013}
}

@inproceedings{wu2013online,
  title={Online object tracking: A benchmark},
  author={Wu, Yi and Lim, Jongwoo and Yang, Ming-Hsuan},
  booktitle={Proceedings of the IEEE conference on computer vision and pattern recognition},
  pages={2411--2418},
  year={2013}
}

@article{cauwenberghs2001incremental,
  title={Incremental and decremental support vector machine learning},
  author={Cauwenberghs, Gert and Poggio, Tomaso},
  journal={Advances in Neural Information Processing Systems 13: Proceedings of the 2000 Conference},
  volume={13},
  pages={409},
  year={2001},
  publisher={MIT Press}
}
